@online{SET,
  author       = {crackingthecryptic},
  title        = {Set Equivalence Theory},
  url          = {https://crackingthecryptic.fandom.com/wiki/Set_Equivalence_Theory},
  urldate      = {2024-01-22}
}